@article{giannoullis,
  title={Digital dynamic range compressor designâ€”a tutorial and analysis},
  author={Giannoulis, Dimitrios and Massberg, Michael and Reiss, Joshua D},
  journal={Journal of the Audio Engineering Society},
  volume={60},
  number={6},
  pages={399--408},
  year={2012},
  publisher={Audio Engineering Society}
}